<record><leader>00000cas a2200000 a 4500</leader><controlfield tag="001">12181980</controlfield><controlfield tag="008">850620d18932010inuwr ne      0    0eng d</controlfield><datafield ind1=" " ind2=" " tag="010"><subfield code="a">sn 85047962 </subfield></datafield><datafield ind1=" " ind2=" " tag="040"><subfield code="a">NPI</subfield><subfield code="b">eng</subfield><subfield code="c">NPI</subfield><subfield code="d">KNP</subfield><subfield code="d">OCL</subfield><subfield code="d">OCLCQ</subfield><subfield code="d">NPI</subfield><subfield code="d">OCLCQ</subfield></datafield><datafield ind1=" " ind2=" " tag="042"><subfield code="a">msc</subfield></datafield><datafield ind1="0" ind2="4" tag="245"><subfield code="a">The Paoli news.</subfield></datafield><datafield ind1=" " ind2=" " tag="260"><subfield code="a">Paoli, Ind. :</subfield><subfield code="b">Mr. &amp; Mrs. Wendell Gooch,</subfield><subfield code="c">-2010.</subfield></datafield><datafield ind1=" " ind2=" " tag="300"><subfield code="a">v. :</subfield><subfield code="b">ill. ;</subfield><subfield code="c">58-66 cm.</subfield></datafield><datafield ind1=" " ind2=" " tag="310"><subfield code="a">Weekly</subfield></datafield><datafield ind1="1" ind2=" " tag="362"><subfield code="a">Began in 1893; ceased with v. 135, no. 55 (Jan. 7, 2010) issue.</subfield></datafield><datafield ind1=" " ind2=" " tag="500"><subfield code="a">Established by D.J. Murr.</subfield></datafield><datafield ind1=" " ind2=" " tag="500"><subfield code="a">Beginning with the July 15, 1954 issue, published in conjunction with "The Paoli Republican." The papers then share a single volume number (that of "The Paoli Republican"), and carry alternate issue numbers.</subfield></datafield><datafield ind1=" " ind2=" " tag="515"><subfield code="a">Issues for July 26, 1893-Aug. 30, 1893 called v. 22, but constitute v. 21.</subfield></datafield><datafield ind1=" " ind2=" " tag="588"><subfield code="a">Final issue consulted.</subfield></datafield><datafield ind1=" " ind2=" " tag="588"><subfield code="a">Description based on: Vol. 22, no. 47 (July 26, 1893).</subfield></datafield><datafield ind1=" " ind2="4" tag="651"><subfield code="a">Paoli (Ind.)</subfield><subfield code="v">Newspapers.</subfield></datafield><datafield ind1=" " ind2=" " tag="752"><subfield code="a">United States</subfield><subfield code="b">Indiana</subfield><subfield code="c">Orange</subfield><subfield code="d">Paoli.</subfield></datafield><datafield ind1="0" ind2="0" tag="780"><subfield code="t">Paoli weekly news</subfield><subfield code="w">(DLC)sn 84037993</subfield></datafield><datafield ind1="0" ind2="7" tag="785"><subfield code="t">Paoli Republican</subfield><subfield code="w">(DLC)sn 85047964</subfield></datafield><datafield ind1="0" ind2="7" tag="785"><subfield code="t">Paoli news-Republican</subfield><subfield code="w">(DLC)  2010271000</subfield></datafield><datafield ind1="1" ind2=" " tag="787"><subfield code="t">Paoli Republican</subfield><subfield code="w">(DLC)sn 85047964</subfield></datafield><datafield ind1="1" ind2=" " tag="029"><subfield code="a">AU@</subfield><subfield code="b">000020380415</subfield></datafield></record>